@misc{rasp_pi,
  author = {Raspberry Pi},
  title  = {Raspberry Pi 4},
  note   = {\url{https://www.raspberrypi.com/products/raspberry-pi-4-model-b/} [Accessed on 22/11/2021]}
},

@article{energy_crisis,
	author = {Christopher Helman},
	title={Energy Crisis 2021: How Bad Is It, And How Long Will It Last?},
	journal = {Forbes}, 
	year={2021},
	note = {\url{https://www.forbes.com/sites/christopherhelman/2021/10/19/energy-crisis-2021-how-bad-is-it-and-how-long-will-it-last/?sh=6a5feff14c63} [Accessed on 28/10/2021]}
},

@article{owidenergy,
    author = {Hannah Ritchie and Max Roser},
    title = {Energy},
    journal = {Our World in Data},
    year = {2020},
    note = {\url{https://ourworldindata.org/energy} [Accessed on 28/10/2021]}
},

% ******************************************************************************
% Smart Street Lighting Market
% ******************************************************************************
@misc{smart_light_market,
	author = {Mordor Intelligence},
	title  = {Global Connected Street Lighting Market - Growth, Trends, COVID-19 Impact, and Forecasts (2021 - 2026)},
	note   = {\url{https://www.mordorintelligence.com/industry-reports/connected-street-lights-market} [Accessed on 8/11/2021]}
},

@misc{market_growth_2,
	journal = {Arthur D. Little},
	title  = {The evolution of the street lighting market},
	note   = {\url{https://www.adlittle.com/en/insights/report/evolution-street-lighting-market} [Accessed on 8/11/2021]}
},

@misc{telensa_solutions,
  author = {Telensa},
  title  = {Smart city solutions},
  note   = {\url{https://www.telensa.com/solutions/} [Accessed on 1/11/2021]}
},

@misc{inteli_light,
  author = {FLASHNET},
  title  = {inteliLIGHT smart street lighting control},
  note   = {\url{https://www.flashnet.ro/project/intelilight/} [Accessed on 1/11/2021]}
},
% ******************************************************************************
% Smart Lighting Comm Technologies
% ******************************************************************************
@misc{wi_sun,
	author = {Wi-SUN Alliance},
	title  = {IoT Networks},
	note   = {\url{https://wi-sun.org/iot-networks/} [Accessed on 3/12/2021]}
},

@misc{lorawan,
	author = {Lora Alliance},
	title  = {What is LoRaWAN Specification},
	note   = {\url{https://lora-alliance.org/about-lorawan/} [Accessed on 3/12/2021]}
},

@misc{zigbee,
	author = {Zigbee Alliance},
	title  = {Zigbee},
	note   = {\url{https://zigbeealliance.org/solution/zigbee/} [Accessed on 3/12/2021]}
},

@misc{lte-m,
	author = {GSMA},
	title  = {Long Term Evolution for Machines},
	note   = {\url{https://www.gsma.com/iot/long-term-evolution-machine-type-communication-lte-mtc-cat-m1/} [Accessed on 3/12/2021]}
},

@misc{nb-iot,
	author = {GSMA},
	title  = {Narrowband â€“ Internet of Things},
	note   = {\url{https://www.gsma.com/iot/narrow-band-internet-of-things-nb-iot/} [Accessed on 3/12/2021]}
},

@misc{sigfox,
	author = {Sigfox},
	title  = {Sigfox Technology},
	note   = {\url{https://www.sigfox.com/en/what-sigfox/technology} [Accessed on 3/12/2021]}
},

% ******************************************************************************
% Smart Parking
% ******************************************************************************
@misc{cars_parked,
	journal = {RAC Foundation},
	title  = {Cars parked 23 hours a day},
	note   = {\url{https://www.racfoundation.org/media-centre/cars-parked-23-hours-a-day} [Accessed on 8/11/2021]}
},

@misc{smart_parking_market,
	author = {Data Bridge Market Research},
	title  = {Global Smart Parking Market},
	note   = {\url{https://www.databridgemarketresearch.com/reports/global-smart-parking-market} [Accessed on 22/11/2021]}
},

@misc{parking,
	journal = {intuVision},
	title  = {intuVision Parking},
	note   = {\url{https://www.intuvisiontech.com/intuvisionVA_solutions/intuvisionVA_parking} [Accessed on 8/11/2021]}
},

% ******************************************************************************
% Smart Cities
% ******************************************************************************
@misc{smart_city_application_needs,
	author = {ACiiST},
	title  = {Smart City Applications Needs},
	year = {2021},
	note   = {\url{https://www.aciist.com/smart-city-applications-needs/} [Accessed on 22/11/2021]}
},

@misc{smart_cities_market,
	author = {MarketsandMarkets},
	title  = {Smart Cities Market},
	year = {2021},
	note   = {\url{https://www.marketsandmarkets.com/Market-Reports/smart-cities-market-542.html} [Accessed on 22/11/2021]}
},

@misc{smart_cities_solutions,
	author = {libelium},
	title  = {IoT Solutions Smart Cities},
	note   = {\url{https://www.libelium.com/iot-solutions/smart-cities/} [Accessed on 17/11/2021]}
},

% ******************************************************************************
Network Architecture
% ******************************************************************************
@misc{lora_lorawan,
	author = {The Things Network},
	title  = {What are LoRa and LoRaWAN},
	note   = {\url{https://www.thethingsnetwork.org/docs/lorawan/what-is-lorawan/} [Accessed on 2/12/2021]}
},

@misc{what_is_lorawan,
	author = {LoRa Alliance},
	title  = {What is LoRaWAN},
	note   = {\url{https://lora-alliance.org/wp-content/uploads/2020/11/what-is-lorawan.pdf} [Accessed on 3/12/2021]}
},

% ******************************************************************************
Theoretical Foundations
% ******************************************************************************
@misc{linux_dev_drivers,
	author = {Jonathan Corbet; Alessandro Rubini and Greg Kroah-Hartman},
	title  = {Linux Device Drivers},
	note   = {Chapter 1 [Accessed on 8/12/2021]}
}
@misc{linux_progr_interface,
	author = {Michael KerrisK},
	title  = {The Linux Programming Interface},
	note   = {Chapter 14, 37 [Accessed on 8/12/2021]}
}
@misc{kernel_space,
	author = {The Linux Information Project},
	title  = {Kernel Space Definition},
	note   = {\url{http://www.linfo.org/kernel_space.html} [Accessed on 8/12/2021]}
}
@misc{daemons,
	author = {Alibaba Cloud},
	title  = {Deep understanding of daemon processes},
	note   = {\url{https://topic.alibabacloud.com/a/deep-understanding-of-daemon-processes-from-the-concept-of-process-groups-font-colorredsessionsfont-and-endpoints_8_8_30138096.html} [Accessed on 8/12/2021]}
}

@misc{lora_alliance,
	author = {LoRa Alliance},
	title  = {LoRa Alliance},
	note   = {\url{https://lora-alliance.org/} [Accessed on 9/12/2021]}
}

@misc{lora_physical_layer,
	author = {Yu Jiang, et al},
	title  = {Physical layer identification of LoRa	devices},
	note   = {\url{https://jwcn-eurasipjournals.springeropen.com/track/pdf/10.1186/s13638-019-1542-x.pdf
	} [Accessed on 9/12/2021]}
}

@misc{spi_interface,
	author = {Piyu Dhaker},
	title  = {Introduction to SPI Interface},
	note   = {\url{https://www.analog.com/en/analog-dialogue/articles/introduction-to-spi-interface.html} [Accessed on 9/12/2021]}
}

@misc{spi_basics,
	author = {Scott Campbell},
	title  = {Basics of the SPI Communication Protocol},
	note   = {\url{https://www.circuitbasics.com/basics-of-the-spi-communication-protocol/} [Accessed on 9/12/2021]}
}

@misc{i2c_basics,
	author = {Scott Campbell},
	title  = {Basics of the I2C Communication Protocol},
	note   = {\url{https://www.circuitbasics.com/basics-of-the-i2c-communication-protocol/} [Accessed on 9/12/2021]}
}

@misc{i2c_interface,
	author = {Sal Afzal},
	title  = {I2C Primer: What is I2C?},
	note   = {\url{https://www.analog.com/en/technical-articles/i2c-primer-what-is-i2c-part-1.html} [Accessed on 9/12/2021]}
}

@misc{csi_basics,
	author = {MIPI Alliance},
	title  = {MIPI Camera Serial Interface 2},
	note   = {\url{https://www.mipi.org/specifications/csi-2} [Accessed on 9/12/2021]}
}

@misc{csi_interface,
	author = {Electronic Products},
	title  = {CSI-2 sensors in embedded designs},
	note   = {\url{https://www.electronicproducts.com/camera-serial-interface-csi-2-sensors-in-embedded-designs/#} [Accessed on 9/12/2021]}
}
@misc{osi_model,
	author = {Cloudflare},
	title  = {What is the OSI Model},
	note   = {\url{https://www.cloudflare.com/learning/ddos/glossary/open-systems-interconnection-model-osi/} [Accessed on 9/12/2021]}
}

@misc{hough,
	author = {OpenCV},
	title  = {Hough Line Transform},
	note   = {\url{https://docs.opencv.org/2.4/doc/tutorials/imgproc/imgtrans/hough_lines/hough_lines.html} [Accessed on 9/12/2021]}
}
@misc{canny,
	author = {OpenCV},
	title  = {Canny Edge Detection},
	note   = {\url{https://docs.opencv.org/3.4/da/d22/tutorial_py_canny.html} [Accessed on 9/12/2021]}
}
@misc{cascade,
	author = {OpenCV},
	title  = {Cascade Classifier Training},
	note   = {\url{https://docs.opencv.org/4.x/dc/d88/tutorial_traincascade.html} [Accessed on 10/12/2021]}
}

@misc{http,
	author = {Mozilla Web Docs},
	title  = {An overview of HTTP},
	note   = {\url{https://developer.mozilla.org/en-US/docs/Web/HTTP/Overview} [Accessed on 10/12/2021]}
}

@misc{http_methods,
	author = {Mozilla Web Docs},
	title  = {HTTP request methods},
	note   = {\url{https://developer.mozilla.org/en-US/docs/Web/HTTP/Methods} [Accessed on 10/12/2021]}
}

% ******************************************************************************
HW specification
% ******************************************************************************
@misc{pinout,
  author = {Raspberry Pi Pinout},
  title  = {The Raspberry Pi GPIO pinout guide},
  note   = {\url{https://pinout.xyz/#} [Accessed on 1/12/2021]}
}

@misc{camera,
	author = {Pi Supply},
	title  = {Raspberry Pi Camera Board v1.3},
	note   = {\url{https://uk.pi-supply.com/products/raspberry-pi-camera-board-v1-3-5mp-1080p
	} [Accessed on 8/12/2021]}
}

@misc{sx1278,
	author = {SEMTECH},
	title  = {SX1276/77/78/79 transceiver},
	note   = {\url{https://www.makerfabs.com/desfile/files/sx1276_77_78_79.pdf} [Accessed on 8/12/2021]}
}
@misc{lora_module,
	author = {Micro Robotics},
	title  = {SX1278 LoRa Module 433M 10KM Ra-02},
	note   = {\url{https://www.robotics.org.za/MCR127802} [Accessed on 8/12/2021]}
}
@misc{light_sensor,
	author = {BotnRoll},
	title  = {TSL2581},
	note   = {\url{https://www.botnroll.com/pt/luz-imagem/3516-sensor-de-luz-ambiente-tsl2581-i2c-ws.html} [Accessed on 8/12/2021]}
}
@misc{pir,
	author = {BotnRoll},
	title  = {PIR HC-SR501},
	note   = {\url{https://www.botnroll.com/pt/outros/744-detector-de-movimento-pir.html} [Accessed on 8/12/2021]}
}
@misc{step_down,
	author = {BotnRoll},
	title  = {Step-Down 9~38V para USB 5V 5A},
	note   = {\url{https://www.botnroll.com/pt/conversores-dcdc/2986-step-down-9-38v-para-usb-5v-5a.html} [Accessed on 8/12/2021]}
}
@misc{power_supply,
	author = {Electrofun},
	title  = {Fonte De AlimentaÃ§Ã£o Industrial 12V 60W 5A ORNO},
	note   = {\url{https://www.electrofun.pt/inicio/fonte-de-alimentacao-industrial-12v-60w-5a-orno} [Accessed on 8/12/2021]}
}
@misc{ip65,
	author = {Rainford Solutions},
	title  = {IP Ratings and Standards Explained},
	note   = {\url{https://rainfordsolutions.com/products/ingress-protection-ip-rated-enclosures/ip-enclosure-ratings-standards-explained/} [Accessed on 8/12/2021]}
}
@misc{lamp,
	author = {Prinfor},
	title  = {G4-AC/DC12V LÃ¢mpada LED},
	note   = {\url{https://www.prinfor.pt/lampadas-led-g4/263157-g4-ac-dc12v-lampada-led-48xsmd3014-2w-320-regulavel-branco-frio-regulavel-8428350640547.html} [Accessed on 8/12/2021]}
}
@misc{4n35,
	author = {BotnRoll},
	title  = {Optocoplador 4N35 },
	note   = {\url{https://www.botnroll.com/pt/semicondutores/867-optocoplador-4n35-.html} [Accessed on 8/12/2021]}
}
@misc{rpi_datasheet,
	author = {Raspberry Pi Trading Ltd},
	title  = {BCM2711 ARM Peripherals},
	note   = {\url{https://datasheets.raspberrypi.com/bcm2711/bcm2711-peripherals.pdf} [Accessed on 8/12/2021]}
}

@misc{lm358,
	author = {Texas Instruments},
	title  = {LM358},
	note   = {\url{https://www.ti.com/lit/ds/symlink/lm358.pdf?ts=1639342744914&ref_url=https%253A%252F%252Fwww.ti.com%252Fproduct%252FLM358} [Accessed on 8/12/2021]}
}
@misc{lampFailure,
	author = {BotnRoll},
	title  = {MÃ³dulo Sensor Luz LDR},
	note   = {\url{https://www.botnroll.com/pt/luz-imagem/3742-m-dulo-sensor-luz-ldr-c-potenci-metro.html} [Accessed on 8/12/2021]}
}
@misc{stepDown5_3V3,
	author = {BotnRoll},
	title  = {Regulador de tensÃ£o 5VDC para 3.3VDC},
	note   = {\url{https://www.botnroll.com/pt/conversores-dcdc/3861-regulador-de-tens-o-5vdc-para-3-3vdc-800ma-step-down-ams1117-3-3.html} [Accessed on 8/12/2021]}
}

% ******************************************************************************
SW specification
% ******************************************************************************
@misc{code_tsl,
	author = {Linux},
	journal = {GitHub},
	title  = {Device driver for monitoring ambient light intensity.},
	note   = {\url{https://github.com/torvalds/linux/blob/master/drivers/iio/light/tsl2583.c} [Accessed on 8/12/2021]}
}
@misc{sx1278_lib,
	author = {Linux},
	journal = {GitHub},
	title  = {An Arduino library for sending and receiving data using LoRa radios.},
	note   = {\url{https://github.com/sandeepmistry/arduino-LoRa} [Accessed on 9/12/2021]}
}

% ******************************************************************************
Implementation
% ******************************************************************************

@misc{tsl2583_txt,
	author = {Linux Kernel},
	title  = {Documentation-devicetree-bindings-iio-light-tsl2583.txt},
	note   = {\url{https://mjmwired.net/kernel/Documentation/devicetree/bindings/iio/light/tsl2583.txt} [Accessed on 1/1/2022]}
}

@misc{i2c_bcm2835,
	author = {Linux Kernel Driver Database},
	title  = {CONFIG-I2C-BCM2835: Broadcom BCM2835 I2C controller},
	note   = {\url{https://cateee.net/lkddb/web-lkddb/I2C_BCM2835.html} [Accessed on 1/1/2022]}
}

@misc{dtb,
	author = {FileInfo.com},
	title  = {.dtb file extension},
	note   = {\url{https://fileinfo.com/extension/dtb} [Accessed on 1/1/2022]}
}

@misc{dd,
	author = {Linux manual page},
	title  = {dd},
	note   = {\url{https://man7.org/linux/man-pages/man1/dd.1.html} [Accessed on 1/1/2022]}
}

@misc{read_tsl,
	author = {bootlin},
	title  = {The backbone of a Linux Industrial I/O driver},
	note   = {\url{https://bootlin.com/blog/the-backbone-of-a-linux-industrial-i-o-driver/} [Accessed on 1/1/2022]}
}

@misc{bcm2835,
	author = {airspayce},
	title  = {C library for Broadcom BCM 2835 as used in Raspberry Pi},
	note   = {\url{https://www.airspayce.com/mikem/bcm2835/} [Accessed on 15/1/2022]}
}

@misc{bcmspi,
	author = {airspayce},
	title  = {SPI access},
	note   = {\url{https://www.airspayce.com/mikem/bcm2835/group__spi.html} [Accessed on 15/1/2022]}
}

@misc{bcmpwm,
	author = {airspayce},
	title  = {Pulse Width Modulation},
	note   = {\url{https://www.airspayce.com/mikem/bcm2835/group__pwm.html} [Accessed on 15/1/2022]}
}

@misc{tsl2581_code,
	author = {Waveshare},
	title  = {File:Light-Sensor-code.7z},
	note   = {\url{https://www.waveshare.com/wiki/File:Light-Sensor-code.7z} [Accessed on 6/1/2022]}
}

@misc{bcmpiic,
	author = {airspayce},
	title  = {I2C access},
	note   = {\url{https://www.airspayce.com/mikem/bcm2835/group__i2c.html} [Accessed on 6/1/2022]}
}

@misc{TSL2581_DS,
	author = {Mouser},
	title  = {TSL2581, TSL2583 LIGHT-TO-DIGITAL CONVERTER},
	note   = {\url{https://www.mouser.se/datasheet/2/588/TSL2581%20TSL2583-A-553251.pdf} [Accessed on 6/1/2022]}
}

@misc{configtxt,
	author = {Raspberry Pi},
	title  = {The config.txt file},
	note   = {\url{https://www.raspberrypi.com/documentation/computers/config_txt.html} [Accessed on 17/1/2022]}
}

@misc{initScript,
	author = {Oracle},
	title  = {init.d},
	note   = {\url{https://docs.oracle.com/cd/E36784_01/html/E36882/init.d-4.html} [Accessed on 5/2/2022]}
}

@misc{phpserver,
	author = {php},
	title  = {Built-in web server},
	note   = {\url{https://www.php.net/manual/en/features.commandline.webserver.php} [Accessed on 5/2/2022]}
}

@misc{phpdotenv,
	author = {Vance Lucas, Graham Campbell},
	title  = {PHP dotenv},
	note   = {\url{https://github.com/vlucas/phpdotenv} [Accessed on 5/2/2022]}
}

@misc{gitdatabase,
	author = {Tomas Abreu, Diogo Fernandes},
	title  = {Slipad Database},
	note   = {\url{https://github.com/ESRGgroup9/slipad/blob/main/database/slipad.sql
	} [Accessed on 5/2/2022]}
}

@misc{qt_creator,
	author = {Qt},
	title  = {Get Qt},
	note   = {\url{https://www.qt.io/download} [Accessed on 21/01/2022]}
}

@misc{android_studio,
	author = {Developers},
	title  = {Android Studio},
	note   = {\url{https://developer.android.com/studio} [Accessed on 21/01/2022]}
}

@misc{android_ndk,
	author = {Developers},
	title  = {Android NDK},
	note   = {\url{https://developer.android.com/ndk} [Accessed on 21/01/2022]}
}

@misc{java,
	author = {Oracle},
	title  = {Open JDK 11},
	note   = {\url{https://www.oracle.com/java/technologies/downloads/#java11} [Accessed on 21/01/2022]}
}

@misc{mapsdoc,
	author = {Google Maps Platform},
	title  = {Adding a Google Map with a Marker to Your Website},
	note   = {\url{https://developers.google.com/maps/documentation/javascript/adding-a-google-map#maps_add_map-typescript} [Accessed on 21/01/2022]}
}

@misc{googleapi,
	author = {Google Cloud Platform},
	title  = {Google API Console},
	note   = {\url{https://console.developers.google.com} [Accessed on 21/01/2022]}
}
